@BOOK{manualpuc,
  organization = {Pontif\'icia Universidade Cat\'olica de Minas Gerais},
  title = {  Padrão  PUC Minas de Normalizaç\~ao},
  subtitle = {normas da \uppercase{ABNT} para apresentaç\~ao de teses, dissertaç\~oes,  monografias   e  trabalhos acad\^emicos},
  edition = {9},
  address = {rev. ampl. atual. Belo Horizonte},
  publisher = {PUC Minas},
  year = {2012},
  note = {Disponível em: <http://www.pucminas.br/biblioteca/>. Acesso em: 6 de set. 2013}
 }
 
@article{tarjan,
    title = "A note on finding the bridges of a graph",
    keywords = "algorithm, bridge, connectivity, search, spanning tree",
    author = "Tarjan, {R. Endre}",
    year = "1974",
    month = apr,
    doi = "10.1016/0020-0190(74)90003-9",
    language = "English (US)",
    volume = "2",
    pages = "160--161",
    journal = "Information Processing Letters",
    issn = "0020-0190",
    publisher = "Elsevier",
    number = "6",
}

@misc{Bridge_tarjan,
    title = "Bridge (Tarjan)",
    author={Wikipédia},
    howpublished={Disponível em: \url{https://en.wikipedia.org/wiki/Bridge_(graph_theory)}. Acesso em: 10 de outubro 2022},
    year="2022"
}

@misc{spanning,
    title = "Spanning Tree",
    author={Wikipédia},
    howpublished={Disponível em: \url{https://en.wikipedia.org/wiki/Spanning_tree#Spanning_forests}. Acesso em: 10 de outubro 2022},
    year="2022"
}

@misc{tree_traversal,
    title = "Tree traversal",
    author={Wikipédia},
    howpublished={Disponível em: \url{https://en.wikipedia.org/wiki/Tree_traversal#Pre-order_(NLR)}. Acesso em: 10 de outubro 2022},
    year="2022"
}

@misc{tarjan_code,
    title = "Articulation points and bridges (Tarjan's Algorithm)",
    author={searleser97},
    howpublished={Disponível em: \url{https://codeforces.com/blog/entry/71146},
    year="2019"
}